{1:F01MBBEMYKLAXXX3860214999}{2:O9501936240524PNBPUS3NANYC91205758342405250736N}{4:
:20:IS0184-43-240524
:25:2000191820359
:28C:00102/00043
:60M:C240524USD32579014,00
:61:2405240524DD220000,00NTRFBPCT2405195813//2024052400513968
BEN:EDENOR SURFACTANT (M) SDN. BHD
:61:2405240524DD245066,44NTRFBPCT2405539132//2024052400560094
BEN:HONG KONG HAILIANG METAL TRADI
:61:2405240524DD258657,42NTRFKLCE2405427398//2024052400544247
BEN:FUZHOU KUNSHANRUI TRADING CO.,
:61:2405240524DD319478,33NTRFKLCE2405427252//2024052400531663
BEN:CAJUN GLOBAL LLC
:61:2405240524DD351450,00NTRFKLCE2405426615//2024052400510570
BEN:OQ MARKETING LLC
:61:2405240524DD450000,00NTRFBPCT2405382528//2024052400528615
BEN:WHITE HORSE CERAMIC INDUSTRIES
:61:2405240524DD624031,30NTRFKLCE2405427503//2024052400557883
BEN:HUMEDICAL (S) PTE LTD
:61:2405240524DD1161600,00NTRFBPCT2405400186//2024052400533203
BEN:NITRON GROUP LLC
:61:2405240524DD2500000,00NTRFKLCV2405000017//2024052400546232
BEN:CIMB ISLAMIC BANK BERHAD
:61:2405240524DD4400000,00NMSCINVESTMNT 052424//V041805/052424
INVESTMENT PLACED AT  3.55000 PCT.
:61:2405240524DD20000000,00NTRFKLCV2405000016//2024052400546227
BEN:CIMB ISLAMIC BANK BERHAD
:62F:C080824USD2048730,51
:64:C240524USD2048730,51
-}{5:{CHK:2F9899770A2B}}{S:{COP:S}}






