{1:F01MBBEMYKLAXXX3745793895}{2:O9502024240325IRVTUS3N7XXX04665218402403260824N}{3:{108:CSS2403250000417}}{4:
:20:CSS2403250000417
:25:8033232439 INTERIM STATEMENT ACCT
:28C:58/23
:60M:C240325USD13662776,88
:61:240325DD30,S900KLCE2503391209//FTS2403254196400
B/O:COMPASS PLUS ASIA PACIFIC SDN.
:61:240325DD30,S900KLCE2503391668//FTS2403254586100
B/O:LEET ENTERTAINMENT SDN. BHD.
:61:240325DD30,S900KLCE2503391677//FTS2403254585600
B/O:TELEBIZ INTERNATIONAL (LABUAN)
:61:240325DD30,S900KLCE2503390552//FTS2403244035500
B/O:WOSM - PAYROLL ACCOUNT
:61:240325DD30,S900KLCE2503391469//FTS2403255115400
B/O:RUNCLOUD SDN. BHD.
:61:240325DD30,S900PINU2503DTP752//FTS2403254037700
B/O:EMB AND MAYA (M) SDN BHD
:61:240325DD30,S900WCPU2503NJS719//FTS2403254339200
B/O:CHIA CHIN YIN
:61:240325DD30,S900CTDU2303DZX860//FTS2403244370400
B/O:AGENSI PEKERJAAN MINDANAO SDN.
:61:240325DD30,S900UNIU25031JW988//FTS2403254139700
B/O:NORAZWADI BIN AHMAD ZAM
:61:240325DD30,S900JBKU2503BK0879//FTS2403244376300
B/O:AMARJIT SINGH SARJIT S
:61:240325DD30,S900KLCE2503390344//FTS2403244230500
B/O:MALAKOFF POWER BERHAD
:61:240509DD13651624,FTRFRATE  3.00000 //EFN2403252003200
IBF LNI INVESTMENT
:62F:C240509USD10822,88
:64:C240509USD10000,48
-}{5:{CHK:FA37DD7DEFFE}}{S:{COP:S}}"
