<?xml version="1.0" encoding="UTF-8"?>				
<Envelope xmlns="urn:swift:xsd:envelope" xmlns:xsi="http://www.w3.org/2001/XMLSchema-instance">
<AppHdr xmlns="urn:iso:std:iso:20022:tech:xsd:head.001.001.02">
    <Fr>
        <FIId>
            <FinInstnId>
                <BICFI>PNBPUS3NANYC</BICFI>
            </FinInstnId>
        </FIId>
    </Fr>
    <To>
        <FIId>
            <FinInstnId>
                <BICFI>MBBEMYKLXXX</BICFI>
            </FinInstnId>
        </FIId>
    </To>
    <BizMsgIdr>IS0184-43-240524</BizMsgIdr>
    <MsgDefIdr>camt.053.001.08</MsgDefIdr>
    <BizSvc>swift.cbprplus.01</BizSvc>
    <CreDt>2024-07-16T10:58:55.934Z</CreDt>
</AppHdr>
<Document xmlns="urn:iso:std:iso:20022:tech:xsd:camt.053.001.08">
    <BkToCstmrStmt>
        <GrpHdr>
            <MsgId>IS0184-43-240524</MsgId>
            <CreDtTm>2024-07-16T18:47:33+08:00</CreDtTm>
            <MsgPgntn>
                <PgNb>1</PgNb>
                <LastPgInd>true</LastPgInd>
            </MsgPgntn>
        </GrpHdr>
        <Stmt>
            <Id>U92273314</Id>
            <RptgSeq>
                <EQSeq>1</EQSeq>
            </RptgSeq>
            <FrToDt>
                <FrDtTm>2024-07-16T00:30:00Z</FrDtTm>
                <ToDtTm>2024-07-16T10:45:00Z</ToDtTm>
            </FrToDt>
            <Acct>
                <Id>
                    <Othr>
                        <Id>2000191820359</Id>
                    </Othr>
                </Id>
                <Ccy>USD</Ccy>
            </Acct>
            <Bal>
                <Tp>
                    <CdOrPrtry>
                        <Cd>OPBD</Cd>
                    </CdOrPrtry>
                </Tp>
                <Amt Ccy="USD">32579014.00</Amt>
                <CdtDbtInd>CRDT</CdtDbtInd>
                <Dt>
                    <Dt>2024-07-16</Dt>
                </Dt>
            </Bal>
            <Bal>
                <Tp>
                    <CdOrPrtry>
                        <Cd>CLBD</Cd>
                    </CdOrPrtry>
                </Tp>
                <Amt Ccy="USD">2048730.51</Amt>
                <CdtDbtInd>CRDT</CdtDbtInd>
                <Dt>
                    <Dt>2024-07-16</Dt>
                </Dt>
            </Bal>
            <Ntry>
                <NtryRef>052424//V041805/052424</NtryRef>
                <Amt Ccy="USD">4400000.00</Amt>
                <CdtDbtInd>CRDT</CdtDbtInd>
                <Sts>
                    <Cd>BOOK</Cd>
                </Sts>
                <ValDt>
                    <Dt>2024-07-16</Dt>
                </ValDt>
                <BkTxCd>
                    <Prtry>
                        <Cd>camt.054</Cd>
                    </Prtry>
                </BkTxCd>
                <NtryDtls>
                    <TxDtls>
                        <Refs>
                            <InstrId>052424//V041805/052424</InstrId>
                            <EndToEndId>NOTPROVIDED</EndToEndId>
                            <UETR>205a44ca-0320-412b-9b3b-ddcb1f96521d</UETR>
                        </Refs>
                        <Amt Ccy="USD">4400000.00</Amt>
                        <CdtDbtInd>DBIT</CdtDbtInd>
                        <BkTxCd>
                            <Prtry>
                                <Cd>AIREPO</Cd>
                            </Prtry>
                        </BkTxCd>
                        <RltdAgts>
                            <InstgAgt>
                                <FinInstnId>
                                    <BICFI>PNBPUS3NANYC</BICFI>
                                </FinInstnId>
                            </InstgAgt>
                            <InstdAgt>
                                <FinInstnId>
                                    <BICFI>MBBEMYKLXXX</BICFI>
                                </FinInstnId>
                            </InstdAgt>
                        </RltdAgts>
                    </TxDtls>
                </NtryDtls>
                <AddtlNtryInf>/V041805/052424
INVESTMENT PLACED AT  3.55000 PCT.
               </AddtlNtryInf>
            </Ntry>
            <Ntry>
                <NtryRef>052424</NtryRef>
                <Amt Ccy="USD">20000000,00</Amt>
                <CdtDbtInd>DBIT</CdtDbtInd>
                <Sts>
                    <Cd>BOOK</Cd>
                </Sts>
                <ValDt>
                    <Dt>2024-07-16</Dt>
                </ValDt>
                <BkTxCd>
                    <Prtry>
                        <Cd>camt.054</Cd>
                    </Prtry>
                </BkTxCd>
                <NtryDtls>
                    <TxDtls>
                        <Refs>
                            <InstrId>KLCV2405000016</InstrId>
                            <EndToEndId>NOTPROVIDED</EndToEndId>
                            <UETR>205a44ca-0320-412b-9b3b-ddcb1f96521d</UETR>
                        </Refs>
                        <Amt Ccy="USD">20000000,00</Amt>
                        <CdtDbtInd>DBIT</CdtDbtInd>
                        <BkTxCd>
                            <Prtry>
                                <Cd>AIREPO</Cd>
                            </Prtry>
                        </BkTxCd>
                        <RltdAgts>
                            <InstgAgt>
                                <FinInstnId>
                                    <BICFI>PNBPUS3NANYC</BICFI>
                                </FinInstnId>
                            </InstgAgt>
                            <InstdAgt>
                                <FinInstnId>
                                    <BICFI>MBBEMYKLXXX</BICFI>
                                </FinInstnId>
                            </InstdAgt>
                        </RltdAgts>
                    </TxDtls>
                </NtryDtls>
                <AddtlNtryInf>/2024052400546227
BEN:CIMB ISLAMIC BANK BERHAD
               </AddtlNtryInf>
            </Ntry>
        </Stmt>
    </BkToCstmrStmt>
</Document>
</Envelope>
